%% This BibTeX bibliography file was created using BibDesk.
%% http://bibdesk.sourceforge.net/


%% Created for Pau Miquel at 2015-01-25 13:34:12 +0100 


%% Saved with string encoding Unicode (UTF-8) 



@misc{inteiorpoint,
	Author = {Florian A. Potra},
	Date-Added = {2014-11-16 11:41:00 +0000},
	Date-Modified = {2015-01-25 12:34:12 +0000},
	Howpublished = {Lecture},
	Institution = {University of Maryland Baltimore County},
	Month = {September},
	Title = {Interior Point Methods, twenty years after},
	Url = {http://www.math.umbc.edu/~potra/talk0930.pdf},
	Urldate = {November 16, 2014},
	Year = {2003},
	Bdsk-Url-1 = {http://www.math.umbc.edu/~potra/talk0930.pdf}}

@book{dasgupta2008algorithms,
	Author = {Dasgupta, S. and Papadimitriou, C. and Vazirani, U.},
	Date-Added = {2014-07-22 18:11:17 +0000},
	Date-Modified = {2014-07-22 18:11:17 +0000},
	Isbn = {9780073523408},
	Lccn = {2006049014},
	Publisher = {McGraw-Hill Education},
	Title = {Algorithms},
	Url = {http://books.google.com/books?id=LaIqnwEACAAJ},
	Year = {2008},
	Bdsk-Url-1 = {http://books.google.com/books?id=LaIqnwEACAAJ}}
