%% This BibTeX bibliography file was created using BibDesk.
%% http://bibdesk.sourceforge.net/


%% Created for Pau Miquel at 2017-05-23 21:12:12 +0100 


%% Saved with string encoding Unicode (UTF-8) 



@book{mike,
	Author = {Swift, J.},
	Date-Added = {2017-05-18 13:20:58 +0000},
	Date-Modified = {2017-05-18 13:21:12 +0000},
	Publisher = {Jones \& Company},
	Series = {Diamond classics},
	Title = {Gulliver's Travels},
	Url = {https://books.google.co.uk/books?id=ta1uaL7RF5gC},
	Year = {1826},
	Bdsk-Url-1 = {https://books.google.co.uk/books?id=ta1uaL7RF5gC}}
